
@article{griffin2007preliminary,
  title={A preliminary examination of AMBER Alert's effects},
  author={Griffin and Miller and Hoppe and Rebideaux and Hammack},
  journal={Criminal justice policy review},
  volume={18},
  number={4},
  pages={378--394},
  year={2007},
  publisher={Sage Publications Sage CA: Los Angeles, CA}
}


@incollection{murray2018history,
  title={The history and use of the National Missing and Unidentified Persons System (NamUs) in the identification of unknown persons},
  author={Murray and Anderson and Clark and Hanzlick},
  booktitle={New perspectives in forensic human skeletal identification},
  pages={115--126},
  year={2018},
  publisher={Elsevier}
}

@article{neubauer2021mobile,
  title={Mobile alert app to engage community volunteers to help locate missing persons with dementia},
  author={Neubauer, Noelannah and Daum, Christine and Miguel-Cruz, Antonio and Liu, Lili},
  journal={Plos one},
  volume={16},
  number={7},
  pages={e0254952},
  year={2021},
  publisher={Public Library of Science}
}

@inproceedings{shin2014cosmic,
  title={CoSMiC: Designing a mobile crowd-sourced collaborative application to find a missing child in situ},
  author={Shin, Hyojeong and Park, Taiwoo and Kang, Seungwoo and Lee, Bupjae and Song, Junehwa and Chon, Yohan and Cha, Hojung},
  booktitle={Proceedings of the 16th international conference on Human-computer interaction with mobile devices \& services},
  pages={389--398},
  year={2014}
}

@inproceedings{castro2017serverless,
  title={Serverless programming (function as a service)},
  author={Castro, Paul and Ishakian, Vatche and Muthusamy, Vinod and Slominski, Aleksander},
  booktitle={2017 IEEE 37th International Conference on Distributed Computing Systems (ICDCS)},
  pages={2658--2659},
  year={2017},
  organization={IEEE}
}

@article{khawas2018application,
  title={Application of firebase in android app development-a study},
  author={Khawas, Chunnu and Shah, Pritam},
  journal={International Journal of Computer Applications},
  volume={179},
  number={46},
  pages={49--53},
  year={2018}
}

@article{hannula2021unity,
  title={Unity mobile application with a serverless Firebase backend},
  author={Hannula, Toni},
  year={2021}
}

@phdthesis{mutisya2017mobile,
  title={Mobile phone application for reporting and tracking missing persons in Kenya},
  author={Mutisya, Wayua Elizabeth},
  year={2017},
  school={Strathmore University}
}

@inproceedings{yarrabothu2015abhaya,
  title={Abhaya: An Android App for the safety of women},
  author={Yarrabothu, Ravi Sekhar and Thota, Bramarambika},
  booktitle={2015 Annual IEEE India Conference (INDICON)},
  pages={1--4},
  year={2015},
  organization={IEEE}
}

@article{kilic2020accuracy,
  title={Accuracy and similarity aspects in online geocoding services: A comparative evaluation for Google and Bing maps},
  author={Kilic, Batuhan and G{\"u}lgen, Fatih},
  journal={International Journal of Engineering and Geosciences},
  volume={5},
  number={2},
  pages={109--119},
  year={2020}
}

@misc{lookingbill2019google,
  title={Google Maps 101: how we map the world},
  author={Lookingbill, Andrew},
  year={2019},
  publisher={Google}
}

@article{gah2018using,
  title={Using GPS and Google Maps for Mapping Digital Postal Address (GhanaPostGPS)},
  author={Gah, Silas Kwabla and Katsriku, Ferdinard and Gyamfi, Nana Kwame},
  journal={Communications on Applied Electronics},
  volume={7},
  number={13},
  pages={15--20},
  year={2018}
}

@inproceedings{sunehra2016children,
  title={Children location monitoring on Google Maps using GPS and GSM Technologies},
  author={Sunehra, Dhiraj and Priya, Pottabathini Laxmi and Bano, Ayesha},
  booktitle={2016 IEEE 6th International Conference on Advanced Computing (IACC)},
  pages={711--715},
  year={2016},
  organization={IEEE}
}

@article{garg2013geo,
  title={„GEO ALERT-A Location Based Alarm System Using GPS in Android‟},
  author={Garg, Deepika and Shukla, Dr Amupam},
  journal={International Journal of Multidisciplinary in Cryptology and Information Security},
  volume={2},
  number={3},
  year={2013}
}

@inproceedings{kanfade2018location,
  title={Location Based Notification System},
  author={Kanfade, Mohit M and Ambade, Sukriya D and Bhagat, Amol P},
  booktitle={2018 International Conference on Research in Intelligent and Computing in Engineering (RICE)},
  pages={1--6},
  year={2018},
  organization={IEEE}
}

@article{desale2020android,
  title={Android crime reporter and missing person finder},
  author={Desale, Himani and Tavasalkar, Pooja and Vare, Suchitra and Shintre, Rasika},
  journal={Int Res J Eng Technol (IRJET)},
  volume={7},
  number={03},
  pages={2395--0056},
  year={2020}
}

@article{mehta2019google,
  title={Google maps},
  author={Mehta, Heeket and Kanani, Pratik and Lande, Priya},
  journal={Int. J. Comput. Appl},
  volume={178},
  number={8},
  pages={41--46},
  year={2019}
}

 @misc{icmpMissing, 
 title={Who are the missing?},
 author={{International Commission on Missing Persons}},
 year={2022},
 url={https://www.icmp.int/the-missing/who-are-the-missing/}, journal={ICMP: Who are The Missing?}
 } 

 @misc{NationalPoliceCommission,
	author = {{National Police Commission}},
	title = {Guidelines on the Recording, Monitoring and Investigation of Missing and Found Persons, and Identification of Human Remains},
	address = {Camp Crame, Quezon City Philippines},
	year = {2016},
    url = {https://www.didm.pnp.gov.ph/index.php/2-uncategorised/55-4th-police-expert-dispatch}
}

 @misc{PSAOpenStat, 
 author = {{Philippine Statistics Authority}},
 year = {2021},
 title={Number of deaths, missing persons and directly affected persons attributed to disasters per 100,000 population}, 
 url={https://openstat.psa.gov.ph/PXWeb/pxweb/en/DB/DB__3I__G13/0013I3D1311.px/table/tableViewLayout1/?rxid=8fcf1969-b128-48d1-ab99-45bbd52dd512}, 
 journal={Philippine Statistics Authority - OpenStat}
 } 

 @misc{pulta_2021, 
 title={Missing, Exploited Children reports double in 2021: DOJ}, url={https://www.pna.gov.ph/articles/1163963}, journal={Philippine News Agency}, 
 author={Pulta, Benjamin}, 
 year={2021}} 

 @misc{orion_2021, 
    author = {{Orion Support Incorporated}},
    title={{P}hilippines {M}issing {P}ersons {I}nvestigation}, 
    url={https://www.osi.com.ph/commercial-investigations/philippines-missing-person-investigations/}, 
    journal={Orion Support Incorporated}, 
    year={2021}, 
    month={Jun}
} 

 @misc{madarang_2022, 
    title={Public urged to be skeptical of unverified posts on cases of missing persons}, 
    url={https://interaksyon.philstar.com/trends-spotlights/2022/07/07/221520/public-urged-to-be-skeptical-of-unverified-posts-on-cases-of-missing-persons/}, 
    journal={Interaksyon}, 
    author={Madarang, Catalina Ricci  S}, 
    year={2022}, 
    month={Jul}
} 

 @misc{gpsGov, title={The Global Positioning System}, url={https://www.gps.gov/systems/gps/}, journal={GPS.gov: GPS Overview}, author={GPS.gov}}

  @misc{productplan2022, 
    author = {{ProductPlan}},
    title={{W}hat {I}s {F}eature {D}riven {D}evelopment {(FDD)}? | {D}efinition}, 
    url={https://www.productplan.com/glossary/feature-driven-development/}, 
    year={2022}, 
}

 @misc{antony_2021, title={A study on usage of google maps by Travellers in Madurai City}, url={https://www.ijires.org/administrator/components/com_jresearch/files/publications/IJIRES_1779_FINAL.pdf}, author={Antony, Bindu}, year={2021}} 

  @misc{googleDevelopers, 
  title={Google Maps Platform}, 
  howpublished = "\url{https://developers.google.com/maps/faq#:~:text=The%20Google%20Maps%20Platform%20is,Maps%20JavaScript%20API}",
  journal={{Google Maps Platform FAQ &nbsp;|&nbsp; google developers}}, 
  publisher={Google}, 
  author={{Google Developers}}
  } 

 @misc{travellert, 
    title={Travellert: A Location-Based Alarm Application}, 
    author={Buatag, Renzel and Garcia, Patricia Marie and Visto, Ronn Ian}, 
    year={2022}, 
    month={Jul}
} 

@misc{digitalGovGitHub, title={An introduction to GitHub}, url={https://digital.gov/resources/an-introduction-github/}, journal={Digital.gov}, year={2020}, month={Jun}}

@misc{github, title={About GitHub}, url={https://github.com/about}, journal={GitHub}} 
  
@misc{microsoft_2021, title={Documentation for Visual Studio Code}, url={https://code.visualstudio.com/docs}, journal={RSS}, publisher={Microsoft}, author={Microsoft}, year={2021}, month={Nov}}

@misc{flutter, title = {Flutter: Build Apps on any Screen},url={https://flutter.dev/}, journal={Flutter}}

@misc{geofencing, title={Geofencing API}, url={https://developers.google.com/location-context/geofencing}, journal={Google}, publisher={Google}}

@misc{geocoding, title={Geocoding API}, url={https://developers.google.com/maps/documentation/geocoding/overview}, journal={Google}, publisher={Google}}

@misc{distanceMatrix, title={Distance Matrix API}, url={https://developers.google.com/maps/documentation/distance-matrix/overview}, journal={Google}, publisher={Google}}

@misc{mapsEmbed, title={Maps Embed API}, url={https://developers.google.com/maps/documentation/embed/get-started}, journal={Google}, publisher={Google}}

@misc{placesAPI, title={Places API}, url={https://developers.google.com/maps/documentation/places/web-service/overview}, journal={Google}, publisher={Google}} 